%%% -*-BibTeX-*-
%%% ====================================================================
%%% This is a collection of sample BibTeX entries that have been
%%% prettyprinted by bibclean, ordered by biborder, and sorted by
%%% bibsort.
%%%
%%% Bibliography tools available on *.math.utah.edu are documented
%%% by the standard Unix "man" command, and include at least these:
%%%
%%%     bibcheck
%%%     bibclean
%%%     bibdup
%%%     bibextract
%%%     bibjoin
%%%     biblabel
%%%     biblex
%%%     biborder
%%%     bibparse
%%%     bibsearch
%%%     bibsort
%%%     bibsplit
%%%     bibsql
%%%     bibtex
%%%     bibtosql
%%%     bibunlex
%%%
%%% [30-Mar-2016]
%%% ====================================================================

@Preamble{
 "\def \noopsort #1{}"
}

%%% ====================================================================
%%% Journal abbreviations:

@String{j-ANN-HIST-COMPUT       = "Annals of the History of Computing"}

@String{j-ANN-MATH              = "Annals of Mathematics"}

@String{j-ANN-PHYS-1900-4       = "Annalen der Physik (1900) (series 4)"}

@String{j-BELL-SYST-TECH-J      = "The Bell System Technical Journal"}

@String{j-CBM                   = "Computers in Biology and Medicine"}

@String{j-COMPUTER              = "Computer"}

@String{j-HIST-STUD-PHYS-SCI    = "Historical Studies in the Physical Sciences"}

@String{j-J-STAT-PLANN-INFERENCE = "Journal of Statistical Planning and
                                  Inference"}

@String{j-MATH-TABLES-OTHER-AIDS-COMPUT = "Mathematical Tables and Other Aids
                                  to Computation"}

@String{j-MONTHLY-NOT-ROY-ASTRON-SOC = "Monthly Notices of the Royal
                                  Astronomical Society"}

@String{j-PROBAB-THEORY-RELAT-FIELDS = "Probability Theory and Related Fields"}

@String{j-SCI-AMER              = "Scientific American"}

@String{j-TUGboat               = "{\TUB{}}"}

%%% ====================================================================
%%% Publishers and their addresses:

@String{pub-AW                  = "Ad{\-d}i{\-s}on-Wes{\-l}ey"}
@String{pub-AW:adr              = "Reading, MA, USA"}

@String{pub-BASIC-BOOKS         = "Basic Books"}
@String{pub-BASIC-BOOKS:adr     = "New York, NY, USA"}

@String{pub-CSLI                = "CSLI Publications"}
@String{pub-CSLI:adr            = "Stanford, CA, USA"}

@String{pub-CAMBRIDGE           = "Cambridge University Press"}
@String{pub-CAMBRIDGE:adr       = "Cambridge, UK"}

@String{pub-ELSEVIER            = "Elsevier"}
@String{pub-ELSEVIER:adr        = "Amsterdam, The Netherlands"}

@String{pub-ORA-MEDIA           = "O'Reilly Media, Inc."}
@String{pub-ORA-MEDIA:adr       = "1005 Gravenstein Highway North,
                                   Sebastopol, CA 95472, USA"}

@String{pub-SV                  = "Springer-Verlag"}
@String{pub-SV:adr              = "Berlin, Germany~/ Heidelberg, Germany~/
                                   London, UK~/ etc."}

@String{pub-WALKER              = "Walker and Company"}
@String{pub-WALKER:adr          = "435 Hudson Street, New York, NY 10014, USA"}

%%% ====================================================================
%%% Bibliography entries, sorted by citation key, with ``bibsort'':


